<?xml version='1.0' encoding='utf-8'?>
<record xmlns="http://www.loc.gov/MARC21/slim" xmlns:xsi="http://www.w3.org/2001/XMLSchema-instance">
  <leader>^^^^^npcaa22002771?^4500</leader>
  <controlfield tag="001">002740075</controlfield>
  <controlfield tag="005">20040227000000.0</controlfield>
  <controlfield tag="008">940131i18591909miu^^^^^|^^^^^^^^^^^eng^|</controlfield>
  <datafield tag="035" ind1=" " ind2=" ">
    <subfield code="a">(RLIN)MIUV85-A1791</subfield>
  </datafield>
  <datafield tag="035" ind1=" " ind2=" ">
    <subfield code="a">(OCoLC)ocm34423614</subfield>
  </datafield>
  <datafield tag="040" ind1=" " ind2=" ">
    <subfield code="a">MiU-H</subfield>
    <subfield code="c">MiU-H</subfield>
    <subfield code="e">appm</subfield>
  </datafield>
  <datafield tag="100" ind1="1" ind2=" ">
    <subfield code="a">Lyman, Pliny S.,</subfield>
    <subfield code="d">d. 1868.</subfield>
  </datafield>
  <datafield tag="245" ind1="0" ind2="0">
    <subfield code="a">Pliny S. Lyman papers,</subfield>
    <subfield code="f">1859-1909.</subfield>
  </datafield>
  <datafield tag="300" ind1=" " ind2=" ">
    <subfield code="a">.5 linear ft. (4 v. and 1 folder).</subfield>
  </datafield>
  <datafield tag="545" ind1=" " ind2=" ">
    <subfield code="a">Founder of the Corunna (Mich.) Woolen Factory and local official.</subfield>
  </datafield>
  <datafield tag="520" ind1=" " ind2=" ">
    <subfield code="a">Miscellaneous business papers, family report cards, three wool-carding day books, 1864-1866, containing labor accounts, with some records of payments in kind, and a diary and cashbook, 1867.</subfield>
  </datafield>
  <datafield tag="500" ind1=" " ind2=" ">
    <subfield code="a">Donor: 757</subfield>
  </datafield>
  <datafield tag="655" ind1=" " ind2="7">
    <subfield code="a">Diaries.</subfield>
    <subfield code="2">ftamc</subfield>
  </datafield>
  <datafield tag="650" ind1=" " ind2="0">
    <subfield code="a">Agriculture</subfield>
    <subfield code="z">Michigan</subfield>
    <subfield code="z">Shiawassee County.</subfield>
  </datafield>
  <datafield tag="650" ind1=" " ind2="0">
    <subfield code="a">Business records.</subfield>
  </datafield>
  <datafield tag="651" ind1=" " ind2="0">
    <subfield code="a">Corunna (Mich.)</subfield>
  </datafield>
  <datafield tag="650" ind1=" " ind2="0">
    <subfield code="a">Wool industry</subfield>
    <subfield code="z">Michigan</subfield>
    <subfield code="z">Shiawassee County</subfield>
    <subfield code="x">Employees.</subfield>
  </datafield>
  <datafield tag="852" ind1="8" ind2=" ">
    <subfield code="a">MiU-H</subfield>
    <subfield code="b">BENT</subfield>
    <subfield code="h">851791 Aa 2</subfield>
  </datafield>
  <datafield tag="998" ind1=" " ind2=" ">
    <subfield code="s">9554</subfield>
  </datafield>
  <datafield tag="955" ind1=" " ind2=" ">
    <subfield code="b">BENT</subfield>
    <subfield code="p">B1055059</subfield>
  </datafield>
</record>
